@InCollection{firth:1957:la,
  author = {John R. Firth},
  title = {A synopsis of linguistic theory 1930--1955},
  booktitle = {Studies in linguistic analysis},
  pages = {1-32},
  publisher = {Blackwell Publishers},
  year = 1957,
  address = {Oxford, England}
}

@inproceedings{marelli:2014:semeval,
  author       = {Marelli, Marco and Bentivogli, Luisa and Baroni, Marco and Bernardi, Raffaella and Menini, Stefano and Zamparelli, Roberto},
  year         = {2014},
  booktitle    = {Proceedings of the 8th International Workshop on Semantic Evaluation},
  address      = {Dublin, Ireland},
  link         = {http://www.aclweb.org/anthology/S14-2001},
  pages        = {1--8},
  title        = {SemEval-2014 Task 1: Evaluation of Compositional Distributional Semantic Models on Full Sentences through Semantic Relatedness and Textual Entailment}
}

@inproceedings{roller:2014:coling,
  author       = {Roller, Stephen and Erk, Katrin and Boleda, Gemma},
  year         = {2014},
  booktitle    = {Proceedings of the 2014 International Conference on Computational Linguistics},
  address      = {Dublin, Ireland},
  link         = {http://www.aclweb.org/anthology/C14-1097},
  pages        = {1025--1036},
  title        = {Inclusive yet Selective: Supervised Distributional Hypernymy Detection}
}

@inproceedings{bowman:2015:emnlp,
  author    = {Bowman, Samuel R.  and  Angeli, Gabor  and  Potts, Christopher  and  Manning, Christopher D.},
  title     = {A large annotated corpus for learning natural language inference},
  booktitle = {Proceedings of the 2015 Conference on Empirical Methods in Natural Language Processing},
  month     = {September},
  year      = {2015},
  address   = {Lisbon, Portugal},
  publisher = {Association for Computational Linguistics},
  pages     = {632--642},
  url       = {http://aclweb.org/anthology/D15-1075}
}

@article{beltagy:2016:cl,
  author={I. Beltagy and Stephen Roller and Pengxiang Cheng and Katrin Erk and Raymond Mooney},
  title={Representing Meaning with a Combination of Logical and Distributional Models},
  journal={Special Issue of Computational Linguistics on Formal Distributional Semantics},
  year={2016}
}

@InProceedings{lample:2016:naacl,
  author    = {Lample, Guillaume  and  Ballesteros, Miguel  and  Subramanian, Sandeep  and  Kawakami, Kazuya  and  Dyer, Chris},
  title     = {Neural Architectures for Named Entity Recognition},
  booktitle = {Proceedings of the 2016 Conference of the North American Chapter of the Association for Computational Linguistics: Human Language Technologies},
  month     = {June},
  year      = {2016},
  address   = {San Diego, California},
  publisher = {Association for Computational Linguistics},
  pages     = {260--270},
  url       = {http://www.aclweb.org/anthology/N16-1030}
}

@article{turney:2010:jair,
  author = {Peter Turney and Patrick Pantel},
  title = {From Frequency to Meaning: Vector Space Models of Semantics},
  journal = {Journal of Artificial Intelligence Research},
  volume = 37,
  number = 1,
  pages = "141--188",
  year = {2010}
}

@article{erk:2012:llc,
  title={Vector space models of word meaning and phrase meaning: A survey},
  author={Erk, Katrin},
  journal={Language and Linguistics Compass},
  volume={6},
  number={10},
  pages={635--653},
  year={2012},
  publisher={Wiley Online Library}
}

@article{pado:2007:cl,
  title={Dependency-based construction of semantic space models},
  author={Pad{\'o}, Sebastian and Lapata, Mirella},
  journal={Computational Linguistics},
  volume={33},
  number={2},
  pages={161--199},
  year={2007},
  publisher={MIT Press}
}


@inproceedings{pennington:2014:emnlp,
  author    = {Pennington, Jeffrey  and  Socher, Richard  and  Manning, Christopher},
  title     = {GloVe: Global Vectors for Word Representation},
  booktitle = {Proceedings of the 2014 Conference on Empirical Methods in Natural Language Processing},
  month     = {October},
  year      = {2014},
  address   = {Doha, Qatar},
  publisher = {Association for Computational Linguistics},
  pages     = {1532--1543}
}

@inproceedings{baroni:2011:gems,
  author       = {Baroni, Marco and Lenci, Alessandro},
  year         = {2011},
  title        = {How we {BLESS}ed distributional semantic evaluation},
  booktitle    = {Proceedings of the 2011 Workshop on {GE}ometrical Models of Natural Language Semantics},
  address      = {Edinburgh, UK},
  link         = {http://www.aclweb.org/anthology/W11-2501},
  pages        = {1--10}
}


@article{landauer:1997:pr,
  title={A solution to Plato's problem: The latent semantic analysis theory of acquisition, induction, and representation of knowledge.},
  author={Landauer, Thomas K and Dumais, Susan T},
  journal={Psychological review},
  volume={104},
  number={2},
  pages={211},
  year={1997},
  publisher={American Psychological Association}
}

@inproceedings{mikolov:2013:iclr,
  author       = {Mikolov, Tomas and Chen, Kai and Corrado, Greg and Dean, Jeffrey},
  year         = {2013},
  booktitle    = {Proceedings of 2013 International Conference on Learning Representations},
  title        = {Efficient estimation of word representations in vector space}
}

@incollection{levy:2014:nips,
title = {Neural Word Embedding as Implicit Matrix Factorization},
author = {Levy, Omer and Goldberg, Yoav},
booktitle = {Advances in Neural Information Processing Systems 27},
editor = {Z. Ghahramani and M. Welling and C. Cortes and N. D. Lawrence and K. Q. Weinberger},
pages = {2177--2185},
year = {2014},
publisher = {Curran Associates, Inc.},
url = {http://papers.nips.cc/paper/5477-neural-word-embedding-as-implicit-matrix-factorization.pdf}
}

@inproceedings{hearst:1992:coling,
  title={Automatic acquisition of hyponyms from large text corpora},
  author={Hearst, Marti A},
  booktitle={Proceedings of the 1992 Conference on Computational Linguistics},
  pages={539--545},
  year={1992},
  address={Nantes, France}
}

@incollection{snow:2004:nips,
title = {Learning Syntactic Patterns for Automatic Hypernym Discovery},
author = {Rion Snow and Daniel Jurafsky and Andrew Y. Ng},
booktitle = {Advances in Neural Information Processing Systems 17},
editor = {L. K. Saul and Y. Weiss and L. Bottou},
pages = {1297--1304},
year = {2004},
publisher = {MIT Press},
url = {http://papers.nips.cc/paper/2659-learning-syntactic-patterns-for-automatic-hypernym-discovery.pdf}
}

@inproceedings{snow:2006:acl,
  title={Semantic taxonomy induction from heterogenous evidence},
  author={Snow, Rion and Jurafsky, Daniel and Ng, Andrew Y},
  booktitle={Proceedings of the 21st International Conference on Computational Linguistics and the 44th annual meeting of the Association for Computational Linguistics},
  pages={801--808},
  year={2006},
  organization={Association for Computational Linguistics}
}

@InProceedings{zhitomirskygeffet:2005:acl,
  author    = {Zhitomirsky-Geffet, Maayan  and  Dagan, Ido},
  title     = {The Distributional Inclusion Hypotheses and Lexical Entailment},
  booktitle = {Proceedings of the 2005 Annual Meeting of the Association for Computational Linguistics},
  year      = {2005},
  address   = {Ann Arbor, Michigan},
  pages     = {107--114},
  url       = {http://www.aclweb.org/anthology/P05-1014},
  doi       = {10.3115/1219840.1219854}
}

@article{zhitomirskygeffet:2009:cl,
  author       = {Zhitomirsky-Geffet, Maayan and Dagan, Ido},
  year         = {2009},
  journal      = {Computational linguistics},
  number       = {3},
  pages        = {435-461},
  title        = {Bootstrapping distributional feature vector quality},
  volume       = {35}
}

@inproceedings{lenci:2012:starsem,
  author    = {Lenci, Alessandro  and  Benotto, Giulia},
  title     = {Identifying hypernyms in distributional semantic spaces},
  booktitle = {The First Joint Conference on Lexical and Computational Semantics},
  month     = {June},
  year      = {2012},
  address   = {Montr\'{e}al, Canada},
  publisher = {Association for Computational Linguistics},
  pages     = {75--79},
  url       = {http://www.aclweb.org/anthology/S12-1012}
}

@article{kotlerman:2010:nle,
  author       = {Kotlerman, Lili and Dagan, Ido and Szpektor, Idan and Zhitomirsky-Geffet, Maayan},
  year         = {2010},
  doi          = {10.1017/S1351324910000124},
  issn         = {1469-8110},
  issue        = {Special Issue 04},
  journal      = {Natural Language Engineering},
  month        = {10},
  numpages     = {31},
  pages        = {359--389},
  title        = {Directional distributional similarity for lexical inference},
  volume       = {16}
}

@inproceedings{clarke:2009:gems,
  author    = {Clarke, Daoud},
  title     = {Context-theoretic Semantics for Natural Language: an Overview},
  booktitle = {Proceedings of the 2011 Workshop on {GE}ometrical Models of Natural Language Semantics},
  month     = {March},
  year      = {2009},
  address   = {Athens, Greece},
  publisher = {Association for Computational Linguistics},
  pages     = {112--119},
  url       = {http://www.aclweb.org/anthology/W09-0215}
}

@mastersthesis{santus:2013:thesis,
  author = {Enrico Santus},
  title  = {{SLQS}: An Entropy Measure},
  school = {University of Pisa},
  year   = 2013
}

@mastersthesis{shnarch:2008:thesis,
  author = {Eyal Shnarch},
  title = {Lexical Entailment and Its Extraction from Wikipedia},
  school = {Bar-Ilan University},
  year = 2008
}

@inproceedings{weeds:2004:coling,
  author       = {Weeds, Julie and Weir, David and McCarthy, Diana},
  year         = {2004},
  booktitle    = {Proceedings of the 2004 International Conference on Computational Linguistics},
  address      = {Geneva, Switzerland},
  pages        = {1015--1021},
  title        = {Characterising Measures of Lexical Distributional Similarity}
}

@inproceedings{levy:2014b:conll,
  title={Linguistic Regularities in Sparse and Explicit Word Representations.},
  author={Levy, Omer and Goldberg, Yoav and Ramat-Gan, Israel},
  booktitle = {Proceedings of the 2014 Conference on Computational Natural Language Learning},
  pages={171--180},
  year={2014}
}

@inproceedings{baroni:2012:eacl,
  author       = {Baroni, Marco and Bernardi, Raffaella and Do, Ngoc-Quynh and Shan, Chung-chieh},
  year         = {2012},
  booktitle    = {Proceedings of the 2012 Conference of the European Chapter of the Association for Computational Linguists},
  address      = {Avignon, France},
  link         = {http://www.aclweb.org/anthology/E12-1004},
  pages        = {23--32},
  title        = {Entailment above the word level in distributional semantics}
}

@article{turney:2015:nle,
  author       = {Turney, Peter and Mohammad, Saif},
  year         = {2015},
  journal      = {Natural Language Engineering},
  number       = {03},
  pages        = {437--476},
  publisher    = {Cambridge Univ Press},
  title        = {Experiments with three approaches to recognizing lexical entailment},
  volume       = {21}
}

@inproceedings{levy:2014:conll,
  author       = {Levy, Omer and Dagan, Ido and Goldberger, Jacob},
  year         = {2014},
  booktitle    = {Proceedings of the 2014 Conference on Computational Natural Language Learning},
  address      = {Ann Arbor, Michigan},
  link         = {http://www.aclweb.org/anthology/W14-1610},
  pages        = {87--97},
  title        = {Focused Entailment Graphs for {O}pen {IE} Propositions}
}

@article{kruszewski:2015:tacl,
  author       = {Kruszewski, Germ\'an and Paperno, Denis and Baroni, Marco},
  year         = {2015},
  journal      = {Transactions of the Association for Computational Linguistics},
  pages        = {375--388},
  title        = {Deriving {B}oolean Structures from Distributional Vectors},
  volume       = {3}
}

@inproceedings{levy:2015:naacl,
  author       = {Levy, Omer and Remus, Steffen and Biemann, Chris and Dagan, Ido},
  year         = {2015},
  booktitle    = {Proceedings of the 2015 North American Chapter of the Association for Computational Linguistics: Human Language Technologies},
  address      = {Denver, Colorado},
  link         = {http://www.aclweb.org/anthology/N15-1098},
  pages        = {970--976},
  title        = {Do Supervised Distributional Methods Really Learn Lexical Inference Relations?}
}

@inproceedings{weeds:2014:coling,
  author       = {Weeds, Julie and Clarke, Daoud and Reffin, Jeremy and Weir, David and Keller, Bill},
  year         = {2014},
  booktitle    = {Proceedings of the 2014 International Conference on Computational Linguistics},
  address      = {Dublin, Ireland},
  link         = {http://www.aclweb.org/anthology/C14-1212},
  pages        = {2249--2259},
  title        = {Learning to Distinguish Hypernyms and Co-Hyponyms}
}


@book{wittgenstein:1953:pi,
  author = {Ludwig Wittgenstein},
  title = {Philosophical investigations},
  publisher = {Blackwell Publishers},
  year = 1953,
  address = {Oxford, England},
}

@inproceedings{kawakami:2016:iclr,
  author  = {Kazuya Kawakami and Chris Dyer},
    title = {Learning to Represent Words in Context with Multilingual Supervision},
booktitle = {Proceedings of 2016 International Conference on Learning Representations},
     year = 2016,
}

@inproceedings{roller:2016:naacl,
  author = {Stephen Roller and Katrin Erk},
  title = {{PIC} a Different Word: A Simple Model for Lexical Substitution in Context},
  year = 2016,
  month = jun,
  booktitle = {Proceedings of the 2016 North American Chapter of the Association for Computational Linguistics: Human Language Technologies},
}

@inproceedings{szarvas:2013:naacl,
  author = {Szarvas, Gy{\"o}rgy and Biemann, Chris and Gurevych, Iryna},
  title = {Supervised All-Words Lexical Substitution using Delexicalized Features},
  booktitle = {Proceedings of the 2013 Conference of the North American Chapter of the Association for Computational Linguistics: Human Language Technologies},
  year = {2013},
  pages = {1131--1141}
}

@InProceedings{melamud:2015:naacl,
  author    = {Melamud, Oren  and  Dagan, Ido  and  Goldberger, Jacob},
  title     = {Modeling Word Meaning in Context with Substitute Vectors},
  booktitle = {Proceedings of the 2015 Conference of the North American Chapter of the Association for Computational Linguistics: Human Language Technologies},
  month     = {May--June},
  year      = {2015},
  address   = {Denver, Colorado},
  publisher = {Association for Computational Linguistics},
  pages     = {472--482},
  url       = {http://www.aclweb.org/anthology/N15-1050}
}

@InProceedings{erk:2008:emnlp,
  author    = {Erk, Katrin  and  Pad\'{o}, Sebastian},
  title     = {A Structured Vector Space Model for Word Meaning in Context},
  booktitle = {Proceedings of the 2008 Conference on Empirical Methods in Natural Language Processing},
  month     = {October},
  year      = {2008},
  address   = {Honolulu, Hawaii},
  publisher = {Association for Computational Linguistics},
  pages     = {897--906},
  url       = {http://www.aclweb.org/anthology/D08-1094}
}

@inproceedings{roller:2016:emnlp,
   author = {Roller, Stephen and Erk, Katrin},
    title = {Relations such as Hypernymy: Identifying and Exploiting Hearst Patterns in Distributional Vectors for Lexical Entailment},
  booktitle = {Proceedings of the 2016 Conference on Empirical Methods in Natural Language Processing},
     year = 2016,
    month = Nov,
  address = {Austin, Texas, USA},
publisher = {Association for Computational Linguistics}
}


@inproceedings{trouillon:2016:icml,
  title={Complex Embeddings for Simple Link Prediction},
  author={Trouillon, Th{\'e}o and Welbl, Johannes and Riedel, Sebastian and Gaussier, {\'E}ric and Bouchard, Guillaume},
  booktitle={The 33rd International Conference on Machine Learning},
  year={2016}
}

@inproceedings{socher:2013:emnlp,
  author    = {Socher, Richard  and  Perelygin, Alex  and  Wu, Jean  and  Chuang, Jason  and  Manning, Christopher D.  and  Ng, Andrew  and  Potts, Christopher},
  title     = {Recursive Deep Models for Semantic Compositionality Over a Sentiment Treebank},
  booktitle = {Proceedings of the 2013 Conference on Empirical Methods in Natural Language Processing},
  month     = {October},
  year      = {2013},
  address   = {Seattle, Washington, USA},
  publisher = {Association for Computational Linguistics},
  pages     = {1631--1642},
  url       = {http://www.aclweb.org/anthology/D13-1170}
}

@article{coecke:2011:la,
  title = "Mathematical Foundations for a Compositional Distributed Model of Meaning",
  author = "Bob Coecke and Mehrnoosh Sadrzadeh and Stephen Clark",
  year = {2011},
  journal = "Linguistic Analysis",
  volume = {36},
  pages = {345-384},
  number = {1-4}
}

@article{baroni:2014:li,
author = {Baroni, Marco and Bernardi, Raffaella and Zamparelli, Roberto},
title = {Frege in Space: A Program for Compositional Distributional Semantics},
year = {2014},
journal = {Linguistic Issues in Language Technology},
volume = 9,
number = 6,
pages = {5-110},
}


@inproceedings{baroni:2010:emnlp,
  title={Nouns are vectors, adjectives are matrices: Representing adjective-noun constructions in semantic space},
  author={Baroni, Marco and Zamparelli, Roberto},
  booktitle={Proceedings of the 2010 Conference on Empirical Methods in Natural Language Processing},
  pages={1183--1193},
  year={2010},
  organization={Association for Computational Linguistics}
}


@inproceedings{grefenstette:2011:emnlp,
  author    = {Grefenstette, Edward  and  Sadrzadeh, Mehrnoosh},
  title     = {Experimental Support for a Categorical Compositional Distributional Model of Meaning},
  booktitle = {Proceedings of the 2011 Conference on Empirical Methods in Natural Language Processing},
  month     = {July},
  year      = {2011},
  address   = {Edinburgh, Scotland, UK.},
  publisher = {Association for Computational Linguistics},
  pages     = {1394--1404},
  url       = {http://www.aclweb.org/anthology/D11-1129}
}

@inproceedings{sutskever:2014:nips,
title = {Sequence to Sequence Learning with Neural Networks},
author = {Sutskever, Ilya and Vinyals, Oriol and Le, Quoc V},
booktitle = {Advances in Neural Information Processing Systems 27},
editor = {Z. Ghahramani and M. Welling and C. Cortes and N. D. Lawrence and K. Q. Weinberger},
pages = {3104--3112},
year = {2014},
publisher = {Curran Associates, Inc.},
url = {http://papers.nips.cc/paper/5346-sequence-to-sequence-learning-with-neural-networks.pdf}
}

@inproceedings{sundermeyer:2012:interspeech,
  title={{LSTM} Neural Networks for Language Modeling.},
  author={Sundermeyer, Martin and Schl{\"u}ter, Ralf and Ney, Hermann},
  booktitle={Interspeech},
  pages={194--197},
  year={2012}
}


@article{jozefowicz:2016:arxiv,
  title={Exploring the limits of language modeling},
  author={Jozefowicz, Rafal and Vinyals, Oriol and Schuster, Mike and Shazeer, Noam and Wu, Yonghui},
  journal={arXiv preprint arXiv:1602.02410},
  year={2016}
}

@article{cho:2015:arxiv,
  title={Natural Language Understanding with Distributed Representation},
  author={Kyunghyun Cho},
  journal={arXiv preprint arXiv:1511.07916},
  year={2015}
}

@inproceedings{kumar:2016:icml,
  title={Ask me anything: Dynamic memory networks for natural language processing},
  author={Kumar, Ankit and Irsoy, Ozan and Su, Jonathan and Bradbury, James and English, Robert and Pierce, Brian and Ondruska, Peter and Gulrajani, Ishaan and Socher, Richard},
  booktitle={The 33rd International Conference on Machine Learning},
  year={2016}
}

@incollection{hermann:2015:nips,
title = {Teaching Machines to Read and Comprehend},
author = {Hermann, Karl Moritz and Kocisky, Tomas and Grefenstette, Edward and Espeholt, Lasse and Kay, Will and Suleyman, Mustafa and Blunsom, Phil},
booktitle = {Advances in Neural Information Processing Systems 28},
editor = {C. Cortes and N. D. Lawrence and D. D. Lee and M. Sugiyama and R. Garnett},
pages = {1693--1701},
year = {2015},
publisher = {Curran Associates, Inc.},
url = {http://papers.nips.cc/paper/5945-teaching-machines-to-read-and-comprehend.pdf}
}

@inproceedings{glorot:2010:aistats,
  title={Understanding the difficulty of training deep feedforward neural networks.},
  author={Glorot, Xavier and Bengio, Yoshua},
  booktitle={Proceedings of the 2010 International Conference on Artificial Intelligence and Statistics},
  volume={9},
  pages={249--256},
  year={2010}
}


@article{kingma:2014:arxiv,
  title={Adam: A method for stochastic optimization},
  author={Kingma, Diederik and Ba, Jimmy},
  journal={arXiv preprint arXiv:1412.6980},
  year={2014}
}


@article{duchi:2011:jmlr,
  title={Adaptive subgradient methods for online learning and stochastic optimization},
  author={Duchi, John and Hazan, Elad and Singer, Yoram},
  journal={Journal of Machine Learning Research},
  volume={12},
  number={Jul},
  pages={2121--2159},
  year={2011}
}



@article{hochreiter:1997:nc,
  title={Long short-term memory},
  author={Hochreiter, Sepp and Schmidhuber, J{\"u}rgen},
  journal={Neural computation},
  volume={9},
  number={8},
  pages={1735--1780},
  year={1997},
  publisher={MIT Press}
}


@InProceedings{shwartz:2016:acl,
  author    = {Shwartz, Vered  and  Goldberg, Yoav  and  Dagan, Ido},
  title     = {Improving Hypernymy Detection with an Integrated Path-based and Distributional Method},
  booktitle = {Proceedings of the 54th Annual Meeting of the Association for Computational Linguistics},
  month     = {August},
  year      = {2016},
  address   = {Berlin, Germany},
  publisher = {Association for Computational Linguistics},
  pages     = {2389--2398},
  url       = {http://www.aclweb.org/anthology/P16-1226}
}

@article{tucker:1966:psy,
  title={Some mathematical notes on three-mode factor analysis},
  author={Tucker, Ledyard R},
  journal={Psychometrika},
  volume={31},
  number={3},
  pages={279--311},
  year={1966},
  publisher={Springer}
}

@article{haastad:1990:ja,
  title={Tensor rank is NP-complete},
  author={H{\aa}stad, Johan},
  journal={Journal of Algorithms},
  volume={11},
  number={4},
  pages={644--654},
  year={1990},
  publisher={Elsevier}
}

@article{hillar:2013:jacm,
  title={Most tensor problems are NP-hard},
  author={Hillar, Christopher J and Lim, Lek-Heng},
  journal={Journal of the ACM},
  volume={60},
  number={6},
  pages={45},
  year={2013},
  publisher={ACM}
}

@inproceedings{kuleshov:2015:aistats,
  title={Tensor Factorization via Matrix Factorization.},
  author={Kuleshov, Volodymyr and Chaganty, Arun Tejasvi and Liang, Percy},
  booktitle={Proceedings of the 2015 International Conference on Artificial Intelligence and Statistics},
  year={2015}
}


@incollection{socher:2013:nips,
title = {Reasoning With Neural Tensor Networks for Knowledge Base Completion},
author = {Socher, Richard and Chen, Danqi and Manning, Christopher D and Ng, Andrew},
booktitle = {Advances in Neural Information Processing Systems 26},
editor = {C. J. C. Burges and L. Bottou and M. Welling and Z. Ghahramani and K. Q. Weinberger},
pages = {926--934},
year = {2013},
publisher = {Curran Associates, Inc.},
url = {http://papers.nips.cc/paper/5028-reasoning-with-neural-tensor-networks-for-knowledge-base-completion.pdf}
}


@inproceedings{yang:2014:iclr,
  title={Embedding entities and relations for learning and inference in knowledge bases},
  author={Yang, Bishan and Yih, Wen-tau and He, Xiaodong and Gao, Jianfeng and Deng, Li},
booktitle = {Proceedings of 2014 International Conference on Learning Representations},
  year={2014}
}

@inproceedings{nickel:2011:icml,
  title={A three-way model for collective learning on multi-relational data},
  author={Nickel, Maximilian and Tresp, Volker and Kriegel, Hans-Peter},
  booktitle={Proceedings of the 28th International Conference on Machine Learning},
  pages={809--816},
  year={2011}
}


@InProceedings{riedel:2013:naacl,
  author    = {Riedel, Sebastian  and  Yao, Limin  and  McCallum, Andrew  and  Marlin, Benjamin M.},
  title     = {Relation Extraction with Matrix Factorization and Universal Schemas},
  booktitle = {Proceedings of the 2013 Conference of the North American Chapter of the Association for Computational Linguistics: Human Language Technologies},
  month     = {June},
  year      = {2013},
  address   = {Atlanta, Georgia},
  publisher = {Association for Computational Linguistics},
  pages     = {74--84},
  url       = {http://www.aclweb.org/anthology/N13-1008}
}
@InProceedings{lai:2014:semeval,
  author    = {Lai, Alice  and  Hockenmaier, Julia},
  title     = {Illinois-LH: A Denotational and Distributional Approach to Semantics},
  booktitle = {Proceedings of the 8th International Workshop on Semantic Evaluation},
  month     = {August},
  year      = {2014},
  address   = {Dublin, Ireland},
  publisher = {Association for Computational Linguistics and Dublin City University},
  pages     = {329--334},
  url       = {http://www.aclweb.org/anthology/S14-2055}
}

@inproceedings{ganitkevitch:2013:naacl, 
  title = {{PPDB}: The Paraphrase Database}, 
  author = {Ganitkevitch, Juri and {Van Durme}, Benjamin and 
    Callison-Burch, Chris}, 
  booktitle = {Proceedings of North American Chapter of the Association for Computational Linguistics: Human Language Technologies}, 
  year={2013}, 

}


@inproceedings{baker:1998:acl,
  title={The berkeley framenet project},
  author={Baker, Collin F and Fillmore, Charles J and Lowe, John B},
  booktitle={Proceedings of the 36th Annual Meeting of the Association for Computational Linguistics and 17th International Conference on Computational Linguistics},
  pages={86--90},
  year={1998},
  organization={Association for Computational Linguistics}
}


@inproceedings{jurgens:2012:semeval,
  title={SemEval-2012 Task 2: Measuring degrees of relational similarity},
  author={Jurgens, David A and Turney, Peter D and Mohammad, Saif M and Holyoak, Keith J},
  booktitle={Proceedings of the Sixth International Workshop on Semantic Evaluation},
  pages={356--364},
  year={2012},
  organization={Association for Computational Linguistics}
}


@article{miller:1995:acm,
  title={Word{N}et: a lexical database for {E}nglish},
  author={Miller, George A},
  journal={Communications of the ACM},
  volume={38},
  number={11},
  pages={39--41},
  year={1995},
  publisher={ACM}
}

@inproceedings{zhang:2016:naacl,
  author    = {Zhang, Ye  and  Roller, Stephen  and  Wallace, Byron C.},
  title     = {MGNC-CNN: A Simple Approach to Exploiting Multiple Word Embeddings for Sentence Classification},
  booktitle = {Proceedings of the 2016 Conference of the North American Chapter of the Association for Computational Linguistics: Human Language Technologies},
  month     = {June},
  year      = {2016},
  address   = {San Diego, California},
  publisher = {Association for Computational Linguistics},
  pages     = {1522--1527},
  url       = {http://www.aclweb.org/anthology/N16-1178}
}

@inproceedings{durrett:2013:emnlp,
  author    = {Durrett, Greg  and  Klein, Dan},
  title     = {Easy Victories and Uphill Battles in Coreference Resolution},
  booktitle = {Proceedings of the 2013 Conference on Empirical Methods in Natural Language Processing},
  month     = {October},
  year      = {2013},
  address   = {Seattle, Washington, USA},
  publisher = {Association for Computational Linguistics},
  pages     = {1971--1982},
  url       = {http://www.aclweb.org/anthology/D13-1203}
}

@InProceedings{chen:2014:emnlp,
  author    = {Chen, Danqi  and  Manning, Christopher},
  title     = {A Fast and Accurate Dependency Parser using Neural Networks},
  booktitle = {Proceedings of the 2014 Conference on Empirical Methods in Natural Language Processing},
  month     = {October},
  year      = {2014},
  address   = {Doha, Qatar},
  publisher = {Association for Computational Linguistics},
  pages     = {740--750},
  url       = {http://www.aclweb.org/anthology/D14-1082}
}


@inproceedings{toutanova:2003:naacl,
  title={Feature-rich part-of-speech tagging with a cyclic dependency network},
  author={Toutanova, Kristina and Klein, Dan and Manning, Christopher D and Singer, Yoram},
  booktitle={Proceedings of the 2003 Conference of the North American Chapter of the Association for Computational Linguistics on Human Language Technology},
  pages={173--180},
  year={2003},
  organization={Association for Computational Linguistics}
}


@InProceedings{beltagy:2014:semeval,
  author    = {Beltagy, I.  and  Roller, Stephen  and  Boleda, Gemma  and  Erk, Katrin  and  Mooney, Raymond},
  title     = {UTexas: Natural Language Semantics using Distributional Semantics and Probabilistic Logic},
  booktitle = {Proceedings of the 8th International Workshop on Semantic Evaluation},
  month     = {August},
  year      = {2014},
  address   = {Dublin, Ireland},
  publisher = {Association for Computational Linguistics and Dublin City University},
  pages     = {796--801},
  url       = {http://www.aclweb.org/anthology/S14-2141}
}


@InProceedings{bjerva:2014:semeval,
  author    = {Bjerva, Johannes  and  Bos, Johan  and  van der Goot, Rob  and  Nissim, Malvina},
  title     = {The Meaning Factory: Formal Semantics for Recognizing Textual Entailment and Determining Semantic Similarity},
  booktitle = {Proceedings of the 8th International Workshop on Semantic Evaluation},
  month     = {August},
  year      = {2014},
  address   = {Dublin, Ireland},
  publisher = {Association for Computational Linguistics and Dublin City University},
  pages     = {642--646},
  url       = {http://www.aclweb.org/anthology/S14-2114}
}


@InProceedings{levy:2014:acl,
  author    = {Levy, Omer  and  Goldberg, Yoav},
  title     = {Dependency-Based Word Embeddings},
  booktitle = {Proceedings of the 52nd Annual Meeting of the Association for Computational Linguistics},
  month     = {June},
  year      = {2014},
  address   = {Baltimore, Maryland},
  publisher = {Association for Computational Linguistics},
  pages     = {302--308},
  url       = {http://www.aclweb.org/anthology/P14-2050}
}


@incollection{lee:2000:nips,
title = {Algorithms for Non-negative Matrix Factorization},
author = {Daniel D. Lee and Seung, H. Sebastian},
booktitle = {Advances in Neural Information Processing Systems},
editor = {T. K. Leen and T. G. Dietterich and V. Tresp},
pages = {556--562},
year = {2001},
publisher = {MIT Press},
url = {http://papers.nips.cc/paper/1861-algorithms-for-non-negative-matrix-factorization.pdf}
}

@article{baroni:2010:cl,
  title={Distributional memory: A general framework for corpus-based semantics},
  author={Baroni, Marco and Lenci, Alessandro},
  journal={Computational Linguistics},
  volume={36},
  number={4},
  pages={673--721},
  year={2010},
  publisher={MIT Press}
}
@inproceedings{weeds:2003:emnlp,
  author = {Weeds, Julie  and  Weir, David},
  title = {A General Framework for Distributional Similarity},
  booktitle = {Proceedings of the 2003 Conference on Empirical Methods in Natural Language Processing},
  year = 2003,
  pages = {81--88}
}


@inproceedings{beltagy:2013:starsem,
  title={Montague meets Markov: Deep semantics with probabilistic logical form},
  author={Beltagy, I. and Chau, Cuong and Boleda, Gemma and Garrette, Dan and Erk, Katrin and Mooney, Raymond},
  booktitle={Proceedings of the Second Joint Conference on Lexical and Computational Semantics},
  pages={11--21},
  year={2013}
}

@InProceedings{dinu:2010:emnlp,
  author    = {Dinu, Georgiana  and  Lapata, Mirella},
  title     = {Measuring Distributional Similarity in Context},
  booktitle = {Proceedings of the 2010 Conference on Empirical Methods in Natural Language Processing},
  month     = {October},
  year      = {2010},
  address   = {Cambridge, MA},
  publisher = {Association for Computational Linguistics},
  pages     = {1162--1172},
  url       = {http://www.aclweb.org/anthology/D10-1113}
}

@InProceedings{vandecruys:2011:emnlp,
  author    = {Van de Cruys, Tim  and  Poibeau, Thierry  and  Korhonen, Anna},
  title     = {Latent Vector Weighting for Word Meaning in Context},
  booktitle = {Proceedings of the 2011 Conference on Empirical Methods in Natural Language Processing},
  month     = {July},
  year      = {2011},
  address   = {Edinburgh, Scotland, UK.},
  publisher = {Association for Computational Linguistics},
  pages     = {1012--1022},
  url       = {http://www.aclweb.org/anthology/D11-1094}
}

@article{wilson:2015:arxiv,
  author        = {Benjamin J. Wilson and Adriaan M. J. Schakel},
  title         = {Controlled Experiments for Word Embeddings},
  volume        = {abs/1510.02675},
  year          = {2015},
  url           = {http://arxiv.org/abs/1510.02675},
  journal       = {ArXiv e-prints},
  month         = oct,
  archivePrefix = "arXiv",
  eprint        = {1510.02675},
  primaryClass  = "cs.CL",
}


@inproceedings{melamud:2016:conll,
  author    = {Melamud, Oren  and  Goldberger, Jacob  and  Dagan, Ido},
  title     = {context2vec: Learning Generic Context Embedding with Bidirectional LSTM},
  booktitle = {Proceedings of The 20th SIGNLL Conference on Computational Natural Language Learning},
  month     = {August},
  year      = {2016},
  address   = {Berlin, Germany},
  publisher = {Association for Computational Linguistics},
  pages     = {51--61},
  url       = {http://www.aclweb.org/anthology/K16-1006}
}

@InProceedings{melamud:2015:vsm,
  author    = {Melamud, Oren  and  Levy, Omer  and  Dagan, Ido},
  title     = {A Simple Word Embedding Model for Lexical Substitution},
  booktitle = {Proceedings of the 1st Workshop on Vector Space Modeling for Natural Language Processing},
  month     = {June},
  year      = {2015},
  address   = {Denver, Colorado},
  publisher = {Association for Computational Linguistics},
  pages     = {1--7},
  url       = {http://www.aclweb.org/anthology/W15-1501}
}

@InProceedings{kremer:2014:eacl,
  author    = {Kremer, Gerhard  and  Erk, Katrin  and  Pad\'{o}, Sebastian  and  Thater, Stefan},
  title     = {What Substitutes Tell Us - Analysis of an ``All-Words'' Lexical Substitution Corpus},
  booktitle = {Proceedings of the 14th Conference of the European Chapter of the Association for Computational Linguistics},
  month     = {April},
  year      = {2014},
  address   = {Gothenburg, Sweden},
  publisher = {Association for Computational Linguistics},
  pages     = {540--549},
  url       = {http://www.aclweb.org/anthology/E14-1057}
}

@inproceedings{biemann:2012:lrec,
    author = {Chris Biemann},
    url = {http://www.lrec-conf.org/proceedings/lrec2012/pdf/252_Paper.pdf},
    title = {Turk Bootstrap Word Sense Inventory 2.0: A Large-Scale Resource for Lexical Substitution},
    booktitle = {Proceedings of the Eighth International Conference on Language Resources and Evaluation},
    year = {2012},
    month = {May},
    address = {Istanbul, Turkey},
    publisher = {European Language Resources Association},
    isbn = {978-2-9517408-7-7},
    language = {English},
    pages = {4038--4042}
}

@InProceedings{mccarthy:2007:semeval,
  author    = {McCarthy, Diana  and  Navigli, Roberto},
  title     = {SemEval-2007 Task 10: English Lexical Substitution Task},
  booktitle = {Proceedings of the Fourth International Workshop on Semantic Evaluations},
  month     = {June},
  year      = {2007},
  address   = {Prague, Czech Republic},
  publisher = {Association for Computational Linguistics},
  pages     = {48--53},
  url       = {http://www.aclweb.org/anthology/S/S07/S07-1009}
}

@InProceedings{jean:2015:acl,
  author    = {Jean, S\'{e}bastien  and  Cho, Kyunghyun  and  Memisevic, Roland  and  Bengio, Yoshua},
  title     = {On Using Very Large Target Vocabulary for Neural Machine Translation},
  booktitle = {Proceedings of the 53rd Annual Meeting of the Association for Computational Linguistics and the 7th International Joint Conference on Natural Language Processing},
  month     = {July},
  year      = {2015},
  address   = {Beijing, China},
  publisher = {Association for Computational Linguistics},
  pages     = {1--10},
  url       = {http://www.aclweb.org/anthology/P15-1001}
}

@inproceedings{fu:2014:acl,
  author       = {Fu, Ruiji and Guo, Jiang and Qin, Bing and Che, Wanxiang and Wang, Haifeng and Liu, Ting},
  year         = {2014},
  booktitle    = {Proceedings of the 2014 Annual Meeting of the Association for Computational Linguistics},
  address      = {Baltimore, Maryland},
  link         = {http://www.aclweb.org/anthology/P14-1113},
  pages        = {1199--1209},
  title        = {Learning Semantic Hierarchies via Word Embeddings}
}


@InProceedings{caraballo:1999:acl,
  author    = {Sharon A. Caraballo},
  title     = {Automatic construction of a hypernym-labeled noun hierarchy from text},
  booktitle = {Proceedings of the 37th Annual Meeting of the Association for Computational Linguistics},
  month     = {June},
  year      = {1999},
  address   = {College Park, Maryland, USA},
  publisher = {Association for Computational Linguistics},
  pages     = {120--126},
  url       = {http://www.aclweb.org/anthology/P99-1016},
  doi       = {10.3115/1034678.1034705}
}

@article{harris:1954:word,
  title={Distributional structure},
  author={Harris, Zellig S},
  journal={Word},
  volume={10},
  number={2-3},
  pages={146--162},
  year={1954},
  publisher={Taylor \& Francis}
}
@inproceedings{reisinger:2010:naacl,
  title={Multi-prototype vector-space models of word meaning},
  author={Reisinger, Joseph and Mooney, Raymond J},
  booktitle={Human Language Technologies: The 2010 Annual Conference of the North American Chapter of the Association for Computational Linguistics},
  pages={109--117},
  year={2010},
  organization={Association for Computational Linguistics}
}


@InProceedings{neelakantan:2014:emnlp,
  author    = {Neelakantan, Arvind  and  Shankar, Jeevan  and  Passos, Alexandre  and  McCallum, Andrew},
  title     = {Efficient Non-parametric Estimation of Multiple Embeddings per Word in Vector Space},
  booktitle = {Proceedings of the 2014 Conference on Empirical Methods in Natural Language Processing},
  month     = {October},
  year      = {2014},
  address   = {Doha, Qatar},
  publisher = {Association for Computational Linguistics},
  pages     = {1059--1069},
  url       = {http://www.aclweb.org/anthology/D14-1113}
}

@inproceedings{vilnis:2015:iclr,
  title={Word representations via gaussian embedding},
  author={Vilnis, Luke and McCallum, Andrew},
booktitle = {Proceedings of 2015 International Conference on Learning Representations},
  year={2015}
}

@InProceedings{thater:2010:acl,
  author    = {Thater, Stefan  and  F\"{u}rstenau, Hagen  and  Pinkal, Manfred},
  title     = {Contextualizing Semantic Representations Using Syntactically Enriched Vector Models},
  booktitle = {Proceedings of the 48th Annual Meeting of the Association for Computational Linguistics},
  month     = {July},
  year      = {2010},
  address   = {Uppsala, Sweden},
  publisher = {Association for Computational Linguistics},
  pages     = {948--957},
  url       = {http://www.aclweb.org/anthology/P10-1097}
}

@InProceedings{thater:2009:ati,
  author    = {Thater, Stefan  and  Dinu, Georgiana  and  Pinkal, Manfred},
  title     = {Ranking Paraphrases in Context},
  booktitle = {Proceedings of the 2009 Workshop on Applied Textual Inference},
  month     = {August},
  year      = {2009},
  address   = {Suntec, Singapore},
  publisher = {Association for Computational Linguistics},
  pages     = {44--47},
  url       = {http://www.aclweb.org/anthology/W/W09/W09-2506}
}


@article{erk:2013:cl,
  title={Measuring word meaning in context},
  author={Erk, Katrin and McCarthy, Diana and Gaylord, Nicholas},
  journal={Computational Linguistics},
  volume={39},
  number={3},
  pages={511--554},
  year={2013},
  publisher={MIT Press}
}

@article{bullinaria:2007:brm,
  title={Extracting semantic representations from word co-occurrence statistics: A computational study},
  author={Bullinaria, John A and Levy, Joseph P},
  journal={Behavior research methods},
  volume={39},
  number={3},
  pages={510--526},
  year={2007},
  publisher={Springer}
}

@Article{blei:2003:jmlr,
  author = {David Blei and Andrew Ng and Michael Jordan},
  title = {Latent {Dirichlet} allocation},
  journal = {Journal of Machine Learning Research},
  year = 2003,
  volume = 3,
  pages = {993-1022},
}

@Article{deerwester:1990:jsis,
  author = {Scott Deerwester and Susan Dumais and Thomas Landauer and George Furnas and Richard Harshman},
  title = {Indexing by latent semantic analysis},
  journal = {Journal of the Society for Information Science},
  year = 1990,
  volume = 41,
  number = 6,
  pages = {391-407}
}

@InProceedings{hofman:1999:sigir,
  author = {Thomas Hofmann},
  title = {Probabilistic Latent Semantic Indexing},
  booktitle = {Proceedings of the 22nd Annual International ACM SIGIR Conference on Research and Development in Information Retrieval},
  year = 1999
}

@article{lund:1996:brmic,
  title={Producing high-dimensional semantic spaces from lexical co-occurrence},
  author={Lund, Kevin and Burgess, Curt},
  journal={Behavior Research Methods, Instruments, \& Computers},
  volume={28},
  number={2},
  pages={203--208},
  year={1996},
  publisher={Springer}
}

@article{levy:2015:tacl,
  author = {Omer Levy and Yoav Goldberg and Ido Dagan},
  title = {Improving Distributional Similarity with Lessons Learned from Word Embeddings},
  journal = {Transactions of the Association for Computational Linguistics},
  volume = {3},
  year = {2015},
  pages = {211--225}
}


@Inbook{dagan:2006:mlc,
  author={Dagan, Ido and Glickman, Oren and Magnini, Bernardo},
  title={The PASCAL Recognising Textual Entailment Challenge},
  bookTitle={Machine Learning Challenges. Evaluating Predictive Uncertainty, Visual Object Classification, and Recognising Tectual Entailment: First PASCAL Machine Learning Challenges Workshop, MLCW 2005, Southampton, UK, April 11-13, 2005, Revised Selected Papers},
  year={2006},
  publisher={Springer Berlin Heidelberg},
  address={Berlin, Heidelberg},
  pages={177--190},
  isbn={978-3-540-33428-6},
}

@inproceedings{giampiccolo:2007:pascal,
  title={The third PASCAL recognizing textual entailment challenge},
  author={Giampiccolo, Danilo and Magnini, Bernardo and Dagan, Ido and Dolan, Bill},
  booktitle={Proceedings of the ACL-PASCAL workshop on textual entailment and paraphrasing},
  pages={1--9},
  year={2007},
  organization={Association for Computational Linguistics}
}


@article{bentivogli:2009:tac,
  title={The fifth PASCAL recognizing textual entailment challenge},
  author={Bentivogli, Luisa and Dagan, Ido and Dang, Hoa Trang and Giampiccolo, Danilo and Magnini, Bernardo},
  journal={Proceedings of the Text Analytics Conference},
  volume={9},
  pages={14--24},
  year={2009}
}


@article{dagan:2013:synthesis,
  title={Recognizing textual entailment: Models and applications},
  author={Dagan, Ido and Roth, Dan and Sammons, Mark and Zanzotto, Fabio Massimo},
  journal={Synthesis Lectures on Human Language Technologies},
  volume={6},
  number={4},
  pages={1--220},
  year={2013},
  publisher={Morgan \& Claypool Publishers}
}

@inproceedings{weston:2016:iclr,
  title={Towards {AI}-complete question answering: A set of prerequisite toy tasks},
  author={Weston, Jason and Bordes, Antoine and Chopra, Sumit and Rush, Alexander M and van Merri{\"e}nboer, Bart and Joulin, Armand and Mikolov, Tomas},
  booktitle = {Proceedings of 2016 International Conference on Learning Representations},
  year={2015}
}

@book{kamp:2013:discourse,
  title={From discourse to logic: Introduction to modeltheoretic semantics of natural language, formal logic and discourse representation theory},
  author={Kamp, Hans and Reyle, Uwe},
  volume={42},
  year={2013},
  publisher={Springer Science \& Business Media}
}

@article{montague:1970:theoria,
  title = "Universal Grammar",
  author = "Richard Montague",
  journal = "Theoria",
  volume = "36",
  pages = "373--398",
  year = "1970"
}

@inproceedings{maccartney:2008:coling,
  title={Modeling semantic containment and exclusion in natural language inference},
  author={MacCartney, Bill and Manning, Christopher D},
  booktitle={Proceedings of the 22nd International Conference on Computational Linguistics},
  pages={521--528},
  year={2008},
  organization={Association for Computational Linguistics}
}

@article{cortes:1995:ml,
  title={Support-vector networks},
  author={Cortes, Corinna and Vapnik, Vladimir},
  journal={Machine learning},
  volume={20},
  number={3},
  pages={273--297},
  year={1995},
  publisher={Springer}
}


@InProceedings{baroni:2014:acl,
  author    = {Baroni, Marco  and  Dinu, Georgiana  and  Kruszewski, Germ\'{a}n},
  title     = {Don't count, predict! A systematic comparison of context-counting vs. context-predicting semantic vectors},
  booktitle = {Proceedings of the 52nd Annual Meeting of the Association for Computational Linguistics},
  month     = {June},
  year      = {2014},
  address   = {Baltimore, Maryland},
  publisher = {Association for Computational Linguistics},
  pages     = {238--247},
  url       = {http://www.aclweb.org/anthology/P14-1023}
}

@article{robinson:1965:jacm,
  title={A machine-oriented logic based on the resolution principle},
  author={Robinson, John Alan},
  journal={Journal of the ACM (JACM)},
  volume={12},
  number={1},
  pages={23--41},
  year={1965},
  publisher={ACM}
}

@InProceedings{bos:2008:step,
  title = {Wide-Coverage Semantic Analysis with {Boxer}},
  author = {Bos, Johan},
  booktitle = {Proceedings of Semantics in Text Processing},
  year = {2008}
}

% BEGIN UNREVIEWED REFERENCES


@techreport{nayak:2015:techreport,
  title={Learning Hypernymy over Word Embeddings},
  year={2015},
  author={Nayak, Neha},
  institution={Stanford}
}

@inproceedings{seitner:2016:lrec,
  title={A Large Database of Hypernymy Relations Extracted from the Web},
  author={Seitner, Julian and Bizer, Christian and Eckert, Kai and Faralli, Stefano and Meusel, Robert and Paulheim, Heiko and Ponzetto, Simone},
  booktitle={Proceedings of the 10th edition of the Language Resources and Evaluation Conference, Portoroz, Slovenia},
  year={2016}
}


@inproceedings{ritter:2009:aaai,
  title={What Is This, Anyway: Automatic Hypernym Discovery.},
  author={Ritter, Alan and Soderland, Stephen and Etzioni, Oren},
  booktitle={AAAI Spring Symposium: Learning by Reading and Learning to Read},
  pages={88--93},
  year={2009}
}


@InProceedings{qiu:2016:emnlp,
  author    = {Qiu, Lin  and  Tu, Kewei  and  Yu, Yong},
  title     = {Context-Dependent Sense Embedding},
  booktitle = {Proceedings of the 2016 Conference on Empirical Methods in Natural Language Processing},
  month     = {November},
  year      = {2016},
  address   = {Austin, Texas},
  publisher = {Association for Computational Linguistics},
  pages     = {183--191},
  url       = {https://aclweb.org/anthology/D16-1018}
}

@InProceedings{bowman:2016:acl,
  author    = {Bowman, Samuel R.  and  Gauthier, Jon  and  Rastogi, Abhinav  and  Gupta, Raghav  and  Manning, Christopher D.  and  Potts, Christopher},
  title     = {A Fast Unified Model for Parsing and Sentence Understanding},
  booktitle = {Proceedings of the 54th Annual Meeting of the Association for Computational Linguistics (Volume 1: Long Papers)},
  month     = {August},
  year      = {2016},
  address   = {Berlin, Germany},
  publisher = {Association for Computational Linguistics},
  pages     = {1466--1477},
  url       = {http://www.aclweb.org/anthology/P16-1139}
}


@InProceedings{mou:2016:acl,
  author    = {Mou, Lili  and  Men, Rui  and  Li, Ge  and  Xu, Yan  and  Zhang, Lu  and  Yan, Rui  and  Jin, Zhi},
  title     = {Natural Language Inference by Tree-Based Convolution and Heuristic Matching},
  booktitle = {Proceedings of the 54th Annual Meeting of the Association for Computational Linguistics (Volume 2: Short Papers)},
  month     = {August},
  year      = {2016},
  address   = {Berlin, Germany},
  publisher = {Association for Computational Linguistics},
  pages     = {130--136},
  url       = {http://anthology.aclweb.org/P16-2022}
}

@InProceedings{sang:2007:acl,
  author    = {Tjong Kim Sang, Erik},
  title     = {Extracting Hypernym Pairs from the Web},
  booktitle = {Proceedings of the 45th Annual Meeting of the Association for Computational Linguistics Companion Volume Proceedings of the Demo and Poster Sessions},
  month     = {June},
  year      = {2007},
  address   = {Prague, Czech Republic},
  publisher = {Association for Computational Linguistics},
  pages     = {165--168},
  url       = {http://www.aclweb.org/anthology/P07-2042}
}

@InProceedings{vylomova:2016:acl,
  author    = {Vylomova, Ekaterina  and  Rimell, Laura  and  Cohn, Trevor  and  Baldwin, Timothy},
  title     = {Take and Took, Gaggle and Goose, Book and Read: Evaluating the Utility of Vector Differences for Lexical Relation Learning},
  booktitle = {Proceedings of the 54th Annual Meeting of the Association for Computational Linguistics (Volume 1: Long Papers)},
  month     = {August},
  year      = {2016},
  address   = {Berlin, Germany},
  publisher = {Association for Computational Linguistics},
  pages     = {1671--1682},
  url       = {http://www.aclweb.org/anthology/P16-1158}
}

@InProceedings{kiddon:2016:emnlp,
  author    = {Kiddon, Chlo\'{e}  and  Zettlemoyer, Luke  and  Choi, Yejin},
  title     = {Globally Coherent Text Generation with Neural Checklist Models},
  booktitle = {Proceedings of the 2016 Conference on Empirical Methods in Natural Language Processing},
  month     = {November},
  year      = {2016},
  address   = {Austin, Texas},
  publisher = {Association for Computational Linguistics},
  pages     = {329--339},
  url       = {https://aclweb.org/anthology/D16-1032}
}

@book{trefethen:1997:linalg,
  title={Numerical linear algebra},
  author={Trefethen, Lloyd N and Bau III, David},
  volume={50},
  year={1997},
  publisher={Siam}
}

@article{manning:2015:cl,
  author = {Manning, Christopher D.},
  title = {Computational linguistics and Deep Learning},
  year = {2015},
  journal={Computational Linguistics},
  volume={41},
  pages={701--707},
  publisher={MIT Press}
}

@inproceedings{rocktaschel:2016:iclr,
  title={Reasoning about Entailment with Neural Attention},
  author={Rockt{\"a}schel, Tim and Grefenstette, Edward and Hermann, Karl Moritz and Kocisky, Tomas and Blunsom, Phil},
  booktitle={International Conference on Learning Representations},
  year={2016}
}

@inproceedings{vendrov:2016:iclr,
  author={Ivan Vendrov and Jamie Ryan Kiros and Sanja Fidler and Raquel Urtasun},
  title={Order-Embeddings of Images and Language},
  booktitle={International Conference on Learning Representations},
  year={2016}
}

@InProceedings{cheng:2016:emnlp,
  author    = {Cheng, Jianpeng  and  Dong, Li  and  Lapata, Mirella},
  title     = {Long Short-Term Memory-Networks for Machine Reading},
  booktitle = {Proceedings of the 2016 Conference on Empirical Methods in Natural Language Processing},
  month     = {November},
  year      = {2016},
  address   = {Austin, Texas},
  publisher = {Association for Computational Linguistics},
  pages     = {551--561},
  url       = {https://aclweb.org/anthology/D16-1053}
}

@InProceedings{pavlick:2016:acl,
  author    = {Pavlick, Ellie  and  Callison-Burch, Chris},
  title     = {Most "babies" are "little" and most "problems" are "huge": Compositional Entailment in Adjective-Nouns},
  booktitle = {Proceedings of the 54th Annual Meeting of the Association for Computational Linguistics (Volume 1: Long Papers)},
  month     = {August},
  year      = {2016},
  address   = {Berlin, Germany},
  publisher = {Association for Computational Linguistics},
  pages     = {2164--2173},
  url       = {http://www.aclweb.org/anthology/P16-1204}
}


@InProceedings{parikh:2016:emnlp,
  author    = {Parikh, Ankur  and  T\"{a}ckstr\"{o}m, Oscar  and  Das, Dipanjan  and  Uszkoreit, Jakob},
  title     = {A Decomposable Attention Model for Natural Language Inference},
  booktitle = {Proceedings of the 2016 Conference on Empirical Methods in Natural Language Processing},
  month     = {November},
  year      = {2016},
  address   = {Austin, Texas},
  publisher = {Association for Computational Linguistics},
  pages     = {2249--2255},
  url       = {https://aclweb.org/anthology/D16-1244}
}

@inproceedings{geffet:2004:coling,
  author = {Geffet, Maayan and Dagan, Ido},
  title = {Feature vector quality and distributional similarity},
  booktitle = {Proceedings of the 20th International Conference on Computational Linguistics},
  year = {2004},
  pages = {247},
  publisher = {Association for Computational Linguistics}
}

@inproceedings{lin:1998:icml,
  title={An information-theoretic definition of similarity.},
  author={Lin, Dekang},
  booktitle={Proceedings of the 14th International Conference on Machine Learning},
  volume={98},
  pages={296--304},
  year={1998}
}

@techreport{marneffe:2008:techreport,
  title={Stanford typed dependencies manual},
  author={De Marneffe, Marie-Catherine and Manning, Christopher D},
  year={2008},
  institution={Stanford University}
}

@inproceedings{santus:2014:eacl,
  author    = {Santus, Enrico  and  Lenci, Alessandro  and  Lu, Qin  and  Schulte im Walde, Sabine},
  title     = {Chasing Hypernyms in Vector Spaces with Entropy},
  booktitle = {Proceedings of the 14th Conference of the European Chapter of the Association for Computational Linguistics, volume 2: Short Papers},
  month     = {April},
  year      = {2014},
  address   = {Gothenburg, Sweden},
  publisher = {Association for Computational Linguistics},
  pages     = {38--42},
  url       = {http://www.aclweb.org/anthology/E14-4008}
}

@inproceedings{shwartz:2017:eacl,
  author    = {Shwartz, Vered  and  Santus, Enrico  and  Schlechtweg, Dominik},
  title     = {Hypernyms under Siege: Linguistically-motivated Artillery for Hypernymy Detection},
  booktitle = {EACL},
  month     = {April},
  year      = {2017},
  address   = {Valencia, Spain},
  publisher = {Association for Computational Linguistics}
}

@phdthesis{evert:2005:phd,
  title={The statistics of word cooccurrences: word pairs and collocations},
  author={Evert, Stefan},
  school={Stuttgart University},
  year={2005}
}

@InProceedings{huang:2012:acl,
  author    = {Huang, Eric  and  Socher, Richard  and  Manning, Christopher  and  Ng, Andrew},
  title     = {Improving Word Representations via Global Context and Multiple Word Prototypes},
  booktitle = {Proceedings of the 50th Annual Meeting of the Association for Computational Linguistics (Volume 1: Long Papers)},
  month     = {July},
  year      = {2012},
  address   = {Jeju Island, Korea},
  publisher = {Association for Computational Linguistics},
  pages     = {873--882},
  url       = {http://www.aclweb.org/anthology/P12-1092}
}

@InProceedings{jurgens:2013:naacl,
  author    = {Jurgens, David},
  title     = {Embracing Ambiguity: A Comparison of Annotation Methodologies for Crowdsourcing Word Sense Labels},
  booktitle = {Proceedings of the 2013 Conference of the North American Chapter of the Association for Computational Linguistics: Human Language Technologies},
  month     = {June},
  year      = {2013},
  address   = {Atlanta, Georgia},
  publisher = {Association for Computational Linguistics},
  pages     = {556--562},
  url       = {http://www.aclweb.org/anthology/N13-1062}
}

@inproceedings{yong:1999:siglex,
  title={A case study on inter-annotator agreement for word sense disambiguation},
  author={Ng, Hwee Tou and Lim, Chung Yong and Foo, Shou King},
  booktitle={Proceedings of the ACL SIGLEX Workshop on Standardizing Lexical Resources},
  address = {College Park, Maryland},
  year={1999}
}

@article{kilgarriff:2000:ch,
  title={Framework and results for English SENSEVAL},
  author={Kilgarriff, Adam and Rosenzweig, Joseph},
  journal={Computers and the Humanities},
  volume={34},
  number={1},
  pages={15--48},
  year={2000},
  publisher={Springer}
}

@InProceedings{giuliano:2007:semeval,
  author    = {Giuliano, Claudio  and  Gliozzo, Alfio  and  Strapparava, Carlo},
  title     = {FBK-irst: Lexical Substitution Task Exploiting Domain and Syntagmatic Coherence},
  booktitle = {Proceedings of the Fourth International Workshop on Semantic Evaluations (SemEval-2007)},
  month     = {June},
  year      = {2007},
  address   = {Prague, Czech Republic},
  publisher = {Association for Computational Linguistics},
  pages     = {145--148},
  url       = {http://www.aclweb.org/anthology/S/S07/S07-1029}
}

@InProceedings{yuret:2007:semeval,
  author    = {Yuret, Deniz},
  title     = {KU: Word Sense Disambiguation by Substitution},
  booktitle = {Proceedings of the Fourth International Workshop on Semantic Evaluations (SemEval-2007)},
  month     = {June},
  year      = {2007},
  address   = {Prague, Czech Republic},
  publisher = {Association for Computational Linguistics},
  pages     = {207--214},
  url       = {http://www.aclweb.org/anthology/S/S07/S07-1044}
}


@InProceedings{bannard:2005:acl,
  author    = {Bannard, Colin  and  Callison-Burch, Chris},
  title     = {Paraphrasing with Bilingual Parallel Corpora},
  booktitle = {Proceedings of the 43rd Annual Meeting of the Association for Computational Linguistics (ACL'05)},
  month     = {June},
  year      = {2005},
  address   = {Ann Arbor, Michigan},
  publisher = {Association for Computational Linguistics},
  pages     = {597--604},
  url       = {http://www.aclweb.org/anthology/P/P05/P05-1074}
}

@article{resnik:1999:nle,
  title={Distinguishing systems and distinguishing senses: New evaluation methods for word sense disambiguation},
  author={Resnik, Philip and Yarowsky, David},
  journal={Natural language engineering},
  volume={5},
  number={02},
  pages={113--133},
  year={1999},
  publisher={Cambridge Univ Press}
}

@phdthesis{diab:2003:phd,
  title={Word sense disambiguation within a multilingual framework},
  author={Diab, Mona},
  year={2003},
  school={University of Maryland}
}

@InProceedings{hintz:2016:acl,
  author    = {Hintz, Gerold  and  Biemann, Chris},
  title     = {Language Transfer Learning for Supervised Lexical Substitution},
  booktitle = {Proceedings of the 54th Annual Meeting of the Association for Computational Linguistics (Volume 1: Long Papers)},
  month     = {August},
  year      = {2016},
  address   = {Berlin, Germany},
  publisher = {Association for Computational Linguistics},
  pages     = {118--129},
  url       = {http://www.aclweb.org/anthology/P16-1012}
}

@InProceedings{szarvas:2013:emnlp,
  author    = {Szarvas, Gy\"{o}rgy  and  Busa-Fekete, R\'{o}bert  and  H\"{u}llermeier, Eyke},
  title     = {Learning to Rank Lexical Substitutions},
  booktitle = {Proceedings of the 2013 Conference on Empirical Methods in Natural Language Processing},
  month     = {October},
  year      = {2013},
  address   = {Seattle, Washington, USA},
  publisher = {Association for Computational Linguistics},
  pages     = {1926--1932},
  url       = {http://www.aclweb.org/anthology/D13-1198}
}

@InProceedings{thater:2011:ijcnlp,
  author    = {Thater, Stefan  and  F\"{u}rstenau, Hagen  and  Pinkal, Manfred},
  title     = {Word Meaning in Context: A Simple and Effective Vector Model},
  booktitle = {Proceedings of 5th International Joint Conference on Natural Language Processing},
  month     = {November},
  year      = {2011},
  address   = {Chiang Mai, Thailand},
  publisher = {Asian Federation of Natural Language Processing},
  pages     = {1134--1143},
  url       = {http://www.aclweb.org/anthology/I11-1127}
}

@article{kishida:2005:gap,
  title = "Property of average precision and its generalization: An examination of evaluation indicator for information retrieval experiments",
  author = "Kazuaki Kishida",
  year = "2005",
  month = "9",
  volume = "2005",
  pages = "1--19",
  journal = "NII Technical Reports",
  issn = "1346-5597",
  publisher = "National Institute of Informatics",
  number = "14"
}

@inproceedings{santus:2016:aaai,
  author = {Enrico Santus and Alessandro Lenci and Tin-Shing Chiu and Qin Lu and Chu-Ren Huang},
  title = {ROOT13: Spotting Hypernyms, Co-Hyponyms and Randoms},
  booktitle={Proceedings of the 30th AAAI Conference on Artificial Intelligence},
  year = {2016},
}

@article{pedregosa:2013:jmlr,
 title={Scikit-learn: Machine Learning in {P}ython},
 author={Pedregosa, F. and Varoquaux, G. and Gramfort, A. and Michel, V.
         and Thirion, B. and Grisel, O. and Blondel, M. and Prettenhofer, P.
         and Weiss, R. and Dubourg, V. and Vanderplas, J. and Passos, A. and
         Cournapeau, D. and Brucher, M. and Perrot, M. and Duchesnay, E.},
 journal={Journal of Machine Learning Research},
 volume={12},
 pages={2825--2830},
 year={2011}
}

@article{shannon:1948:bell,
  author =       {Claude E. Shannon},
  title =        {A Mathematical Theory of Communication},
  journal =      {The Bell System Technical Journal},
  volume =       27,
  number =       3,
  pages =        {379--423},
  month =        jul,
  year =         1948
}

@inproceedings{agirre:2009:naacl,
  author = {Agirre, Eneko and Alfonseca, Enrique and Hall, Keith and Kravalova, Jana and Pasca, Marius and Soroa, Aitor},
  title = {A Study on Similarity and Relatedness Using Distributional and {WordNet}-based Approaches},
  booktitle = {{North} {American} Chapter of the {Association} for {Computational} {Linguistics}: Human Language Technologies ({NAACL} {HLT})},
  year = {2009},
  address = {Boulder, CO}
}

@InProceedings{peirsman:2008:essli,
  author = {Yves Peirsman},
  title = {Word Space Models of Semantic Similarity and Relatedness},
  booktitle = {{European} Summer School in Logic, Language and Information ({ESSLLI}) Student Session},
  year = 2008,
  address = {Hamburg, Germany}
}

@InProceedings{shwartz:2016:cogalex1,
  author    = {Shwartz, Vered  and  Dagan, Ido},
  title     = {Path-based vs. Distributional Information in Recognizing Lexical Semantic Relations},
  booktitle = {Proceedings of the 5th Workshop on Cognitive Aspects of the Lexicon (CogALex - V)},
  month     = {December},
  year      = {2016},
  address   = {Osaka, Japan},
  publisher = {The COLING 2016 Organizing Committee},
  pages     = {24--29}
}

@InProceedings{shwartz:2016:cogalex2,
  author    = {Shwartz, Vered  and  Dagan, Ido},
  title     = {CogALex-V Shared Task: LexNET - Integrated Path-based and Distributional Method for the Identification of Semantic Relations},
  booktitle = {Proceedings of the 5th Workshop on Cognitive Aspects of the Lexicon (CogALex - V)},
  month     = {December},
  year      = {2016},
  address   = {Osaka, Japan},
  publisher = {The COLING 2016 Organizing Committee},
  pages     = {80--85},
  url       = {http://aclweb.org/anthology/W16-5310}
}


@InProceedings{espinosaanke:2016:emnlp,
  author    = {Espinosa Anke, Luis  and  Camacho-Collados, Jose  and  Delli Bovi, Claudio  and  Saggion, Horacio},
  title     = {Supervised Distributional Hypernym Discovery via Domain Adaptation},
  booktitle = {Proceedings of the 2016 Conference on Empirical Methods in Natural Language Processing},
  month     = {November},
  year      = {2016},
  address   = {Austin, Texas},
  publisher = {Association for Computational Linguistics},
  pages     = {424--435},
  url       = {https://aclweb.org/anthology/D16-1041}
}

@InProceedings{rei:2014:conll,
  author    = {Rei, Marek  and  Briscoe, Ted},
  title     = {Looking for Hyponyms in Vector Space},
  booktitle = {Proceedings of the Eighteenth Conference on Computational Natural Language Learning},
  month     = {June},
  year      = {2014},
  address   = {Ann Arbor, Michigan},
  publisher = {Association for Computational Linguistics},
  pages     = {68--77},
  url       = {http://www.aclweb.org/anthology/W14-1608}
}


@InProceedings{bordea:2016:semeval,
  author    = {Bordea, Georgeta  and  Lefever, Els  and  Buitelaar, Paul},
  title     = {SemEval-2016 Task 13: Taxonomy Extraction Evaluation (TExEval-2)},
  booktitle = {Proceedings of the 10th International Workshop on Semantic Evaluation (SemEval-2016)},
  month     = {June},
  year      = {2016},
  address   = {San Diego, California},
  publisher = {Association for Computational Linguistics},
  pages     = {1081--1091},
  url       = {http://www.aclweb.org/anthology/S16-1168}
}


@InProceedings{santus:2015:ws,
  author    = {Santus, Enrico  and  Yung, Frances  and  Lenci, Alessandro  and  Huang, Chu-Ren},
  title     = {EVALution 1.0: an Evolving Semantic Dataset for Training and Evaluation of Distributional Semantic Models},
  booktitle = {Proceedings of the 4th Workshop on Linked Data in Linguistics: Resources and Applications},
  month     = {July},
  year      = {2015},
  address   = {Beijing, China},
  publisher = {Association for Computational Linguistics},
  pages     = {64--69},
  url       = {http://www.aclweb.org/anthology/W15-4208}
}


@InProceedings{santus:2016:lrec,
  author = {Enrico Santus and Alessandro Lenci and Tin-Shing Chiu and Qin Lu and Chu-Ren Huang},
  title = {Nine Features in a Random Forest to Learn Taxonomical Semantic Relations},
  booktitle = {Proceedings of the Tenth International Conference on Language Resources and Evaluation (LREC 2016)},
  year = {2016},
  month = {may},
  date = {23--28},
  location = {Portorož, Slovenia},
  editor = {Nicoletta Calzolari (Conference Chair) and Khalid Choukri and Thierry Declerck and Sara Goggi and Marko Grobelnik and Bente Maegaard and Joseph Mariani and Helene Mazo and Asuncion Moreno and Jan Odijk and Stelios Piperidis},
  publisher = {European Language Resources Association (ELRA)},
  address = {Paris, France}
}


@InProceedings{necsulescu:2015:starsem,
  author    = {Necsulescu, Silvia  and  Mendes, Sara  and  Jurgens, David  and  Bel, N\'{u}ria  and  Navigli, Roberto},
  title     = {Reading Between the Lines: Overcoming Data Sparsity for Accurate Classification of Lexical Relationships},
  booktitle = {Proceedings of the Fourth Joint Conference on Lexical and Computational Semantics},
  month     = {June},
  year      = {2015},
  address   = {Denver, Colorado},
  publisher = {Association for Computational Linguistics},
  pages     = {182--192},
  url       = {http://www.aclweb.org/anthology/S15-1021}
}

@InProceedings{kozareva:2010:emnlp,
  author    = {Kozareva, Zornitsa  and  Hovy, Eduard},
  title     = {A Semi-Supervised Method to Learn and Construct Taxonomies Using the Web},
  booktitle = {Proceedings of the 2010 Conference on Empirical Methods in Natural Language Processing},
  month     = {October},
  year      = {2010},
  address   = {Cambridge, MA},
  publisher = {Association for Computational Linguistics},
  pages     = {1110--1118},
  url       = {http://www.aclweb.org/anthology/D10-1108}
}


@article{girju:2006:cl,
  author = {Girju, Roxana and Badulescu, Adriana and Moldovan, Dan},
  title = {Automatic Discovery of Part-Whole Relations},
  journal = {Computational Linguistics},
  volume = {32},
  number = {1},
  month = mar,
  year = {2006},
  issn = {0891-2017},
  pages = {83--135},
  url = {http://dx.doi.org/10.1162/coli.2006.32.1.83},
  doi = {10.1162/coli.2006.32.1.83},
  publisher = {MIT Press},
  address = {Cambridge, MA, USA},
}

@Article{richardson:2006:ml,
  title = "Markov Logic Networks",
  author = "Matthew Richardson and Pedro Domingos",
  year = "2006",
  volume = "62",
  pages = "107-136",
  journal = {Machine Learning}
}


@phdthesis{beltagy:2016:phd,
  title={Natural Language Semantics Using Probabilistic Logic},
  author={I. Beltagy},
  month={December},
  school={Department of Computer Science, The University of Texas at Austin},
  year={2016}
}

@book{parsons:1990:events,
  title={Events in the Semantics of English},
  author={Parsons, Terence},
  volume={5},
  year={1990},
  address={Cambridge, Massachusetts},
  publisher={MIT Press}
}

@book{bird:2009:nltk,
  title={Natural language processing with Python},
  author={Bird, Steven and Klein, Ewan and Loper, Edward},
  year={2009},
  publisher={"O'Reilly Media, Inc."}
}


@InProceedings{roth:2016:acl,
  author    = {Roth, Michael  and  Lapata, Mirella},
  title     = {Neural Semantic Role Labeling with Dependency Path Embeddings},
  booktitle = {Proceedings of the 54th Annual Meeting of the Association for Computational Linguistics (Volume 1: Long Papers)},
  month     = {August},
  year      = {2016},
  address   = {Berlin, Germany},
  publisher = {Association for Computational Linguistics},
  pages     = {1192--1202},
}

@InProceedings{chersoni:2016:emnlp,
  author    = {Chersoni, Emmanuele  and  Santus, Enrico  and  Lenci, Alessandro  and  Blache, Philippe  and  Huang, Chu-Ren},
  title     = {Representing Verbs with Rich Contexts: an Evaluation on Verb Similarity},
  booktitle = {Proceedings of the 2016 Conference on Empirical Methods in Natural Language Processing},
  month     = {November},
  year      = {2016},
  address   = {Austin, Texas},
  publisher = {Association for Computational Linguistics},
  pages     = {1967--1972},
  url       = {https://aclweb.org/anthology/D16-1205}
}

@InProceedings{melamud:2014:conll,
  author    = {Melamud, Oren  and  Dagan, Ido  and  Goldberger, Jacob  and  Szpektor, Idan  and  Yuret, Deniz},
  title     = {Probabilistic Modeling of Joint-context in Distributional Similarity},
  booktitle = {Proceedings of the Eighteenth Conference on Computational Natural Language Learning},
  month     = {June},
  year      = {2014},
  address   = {Ann Arbor, Michigan},
  publisher = {Association for Computational Linguistics},
  pages     = {181--190},
  url       = {http://www.aclweb.org/anthology/W14-1619}
}

@inproceedings{brock:2017:iclr,
  title={Neural Photo Editing with Introspective Adversarial Networks},
  author={Andrew Brock and Theodore Lim and J. M. Ritchie and Nick Weston},
  booktitle = {Proceedings of 2017 International Conference on Learning Representations},
  year={2015}
}

@article{goldberg:2016:jair,
  title={A primer on neural network models for natural language processing},
  author={Goldberg, Yoav},
  journal={Journal of Artificial Intelligence Research},
  volume={57},
  pages={345--420},
  year={2016}
}

@inproceedings{erk:2010:gems,
  author    = {Erk, Katrin},
  title     = {What Is Word Meaning, Really? (And How Can Distributional Models Help Us Describe It?)},
  booktitle = {Proceedings of the 2010 Workshop on GEometrical Models of Natural Language Semantics},
  month     = {July},
  year      = {2010},
  address   = {Uppsala, Sweden},
  publisher = {Association for Computational Linguistics},
  pages     = {17--26},
  url       = {http://www.aclweb.org/anthology/W10-2803}
}

@article{mccarthy:2009:llc,
  title={Word sense disambiguation: An overview},
  author={McCarthy, Diana},
  journal={Language and Linguistics compass},
  volume={3},
  number={2},
  pages={537--558},
  year={2009},
  publisher={Wiley Online Library}
}

@article{navigli:2009:csur,
  title={Word sense disambiguation: A survey},
  author={Navigli, Roberto},
  journal={ACM Computing Surveys (CSUR)},
  volume={41},
  number={2},
  pages={10},
  year={2009},
  publisher={ACM}
}

@article{allam:2012:ijrris,
  title={The question answering systems: A survey},
  author={Allam, Ali Mohamed Nabil and Haggag, Mohamed Hassan},
  journal={International Journal of Research and Reviews in Information Sciences (IJRRIS)},
  volume={2},
  number={3},
  year={2012}
}

@article{gupta:2012:ijca,
  title={A survey of text question answering techniques},
  author={Gupta, Poonam and Gupta, Vishal},
  journal={International Journal of Computer Applications},
  volume={53},
  number={4},
  year={2012},
  publisher={Foundation of Computer Science}
}

@article{hirschman:2001:nle,
  title={Natural language question answering: the view from here},
  author={Hirschman, Lynette and Gaizauskas, Robert},
  journal={Natural Language Engineering},
  volume={7},
  number={04},
  pages={275--300},
  year={2001},
  publisher={Cambridge University Press}
}

